2096 3387
623 88 1345 145 DEDJCATORJA.

179 172 363 229 biberet
371 196 425 228 ex
434 177 595 229 Pirene
606 180 744 229 fonte
756 177 1265 250 Corinthio‚Neptuni
1278 183 1478 235 monitu
1491 203 1657 256 captus
1669 189 1731 241 est
1743 188 1806 241 ab

177 247 531 316 Hipponomo‚
543 244 640 297 siue
652 244 1019 316 Bellerophonte
1032 247 1202 300 Glauci
1215 249 1331 320 regis
1351 249 1534 321 Ephirae
1553 254 1654 308 filio
1665 293 1678 313 ‚
1693 260 1806 309 Prae„

177 314 214 365 ti
225 318 340 385 regis
353 315 648 386 Argiuorum
660 315 792 366 suasu
803 315 1162 384 expeditionem
1174 318 1225 368 in
1236 319 1433 389 Lyciam
1444 340 1650 390 parante,
1662 326 1721 377 ad
1733 329 1803 378 su-

173 381 436 451 perandam
453 380 754 434 Chimaeram
767 385 1048 435 monstrum
1061 385 1477 440 flammiuomum
1489 411 1502 446 5
1514 394 1649 444 cuius
1660 412 1803 465 caput

175 453 229 501 ὃς
245 455 412 521 peetus
431 468 526 503 erat
543 451 802 504 leoninum
815 492 825 510 ‚
838 471 1010 522 corpus
1030 455 1282 523 caprinum
1296 496 1306 512 ‚
1320 459 1372 508 ὃς
1390 460 1542 512 cauda
1554 463 1799 533 squamofi

173 519 417 576 draconis,
438 519 718 591 smuofique
737 523 955 590 serpentis
974 520 1228 575 horrenda.
1264 527 1407 578 Hanc
1424 529 1683 600 postquam
1704 532 1800 583 Bel-

169 587 269 640 lero
306 587 481 640 hontes
503 590 894 647 interemissen&
914 591 1099 642 virtutis
1117 594 1375 660 praemium
1397 596 1672 650 Ariobantis
1692 640 1703 657 ‚
1724 600 1808 652 vel-

168 676 222 711 vt
239 609 312 727 asij
334 655 553 714 efferunt,
566 656 744 709 Iobatis
764 659 1026 728 Lyciorum
1047 663 1163 732 regis
1184 660 1334 713 filiam
1356 664 1568 717 sororem
1588 667 1798 720 Stheno-

167 724 304 778 boeae
319 729 496 797 (quam
511 728 680 777 Praetus
700 743 900 778 vxorem
919 727 1140 796 duxerat)
1164 733 1406 800 accepisset
1425 734 1691 808 coniugem
1704 776 1715 795 ‚
1729 757 1795 790 re-

163 814 278 846 rum
299 794 418 848 felici
437 796 641 847 successu
661 793 809 846 elatus
822 835 832 853 ,
847 796 1008 848 statuit
1024 797 1196 869 Pegaso
1216 804 1381 852 vectus
1400 802 1450 851 in
1470 803 1654 856 coelum
1675 825 1795 858 con-

164 865 382 917 scendere
399 904 411 923 ‚
431 867 483 915 ὅ(
501 882 616 915 cum
641 864 808 933 superis
826 864 1061 934 gloriosus
1079 870 1344 920 conuersari
1368 892 1376 919 z
1396 871 1569 940 Iupiter
1587 870 1699 926 verb
1720 878 1792 926 iu-

164 939 300 985 ueniS
321 934 621 986 temerariam
641 933 894 985 audaciam
914 953 1021 985 non
1040 937 1212 993 ferens,
1226 939 1433 990 immisit
1446 941 1789 1015 oestrum,quo

161 1004 355 1074 Pegasus
367 1004 528 1054 acriter
539 1019 752 1057 vexatus,
767 999 867 1054 huc
877 1005 928 1054 ὃς
939 1001 1051 1055 illuc
1060 1022 1395 1075 contorquens
1416 1007 1556 1061 latera
1567 1013 1787 1065 sessorem

161 1072 374 1129 excussit,
388 1070 687 1141 illumquein
700 1069 1055 1142 Ale'l'umLyciae
1075 1092 1311 1142 campum
1329 1077 1618 1147 praecipitem
1639 1081 1785 1140 dedit,

161 1135 240 1193 vbi
255 1153 308 1191 ex
319 1142 424 1191 casu
437 1137 676 1197 ,cruribus
689 1138 868 1197 fractis,
881 1157 1091 1211 totoque
1110 1160 1309 1212 corpore
1324 1148 1531 1214 grauiter
1548 1151 1759 1202 contuso
1772 1190 1782 1206 ‚

156 1209 480 1261 miserabiliter
498 1210 738 1278 expirauit.
775 1207 862 1278 Alij
884 1208 1060 1261 volunt
1079 1229 1132 1261 ex
1152 1209 1241 1262 hac
1260 1216 1396 1264 ruina
1408 1213 1547 1266 illum
1561 1235 1666 1269 non
1678 1219 1785 1270 fuis:

158 1282 200 1330 se
228 1296 488 1329 mortuum
509 1317 520 1334 ‚
548 1276 622 1328 sed
640 1275 809 1328 luxatis
835 1297 1068 1329 coxarum
1096 1281 1332 1332 iuncturis
1350 1320 1362 1339 ,
1391 1285 1442 1333 &
1463 1284 1621 1337 fractis
1641 1290 1788 1339 cruri-

154 1347 247 1399 bus
265 1349 423 1417 postea
442 1345 650 1398 deformi
670 1344 1023 1398 claudicatione
1040 1346 1325 1407 ambulasse,
1345 1357 1612 1424 poenasque
1630 1357 1781 1425 super.

153 1416 244 1468 biae
262 1416 435 1468 dedisse
453 1430 801 1483 contemptum
830 1416 918 1466 suis
945 1414 1255 1485 popularibus
1277 1456 1289 1475 ,
1310 1420 1524 1472 maxime
1542 1425 1675 1475 vxori
1694 1464 1706 1483 ,
1727 1429 1787 1479 ὃς

151 1482 606 1556 Stlienoboeae,quae
617 1482 755 1534 illum
768 1479 946 1553 perdite
958 1486 1137 1541 oderat,
1150 1504 1342 1557 propter
1353 1487 1648 1560 denegatum
1660 1513 1780 1547 con-

152 1555 379 1608 cubitum
391 1595 402 1612 ‚
414 1572 565 1627 quern
585 1554 845 1624 procaciter
862 1554 1158 1624 expetiuerat.
1174 1559 1241 1607 ‘At
1251 1556 1443 1628 Pegasus
1455 1560 1540 1612 iter
1551 1579 1778 1633 coeptum

150 1628 462 1696 pi·osequen3‚
482 1627 533 1674 in
552 1621 735 1675 coelum
756 1624 992 1692 peruenit,
1013 1621 1092 1675 vbi
1114 1618 1143 1675 a
1158 1627 1274 1677 Ioue
1292 1666 1304 1683 ‚
1326 1629 1495 1697 superis
1512 1635 1776 1685 annuenti-

150 1696 241 1748 bus
255 1735 266 1753 ‚
278 1696 401 1746 inter
412 1693 556 1744 sidera
569 1691 798 1762 repositus
810 1693 872 1744 est
885 1713 893 1740 z
907 1692 989 1745 vbi
1002 1692 1252 1746 Areticum
1265 1694 1502 1749 circulum
1514 1701 1704 1770 speetat,
1719 1722 1779 1753 ae-

148 1765 273 1818 stiuo
287 1763 390 1816 orbi
404 1760 604 1832 pedibus
616 1761 828 1812 innitens
840 1800 851 1819 ‚
863 1761 1113 1815 &ceruice
1126 1781 1338 1817 manum
1349 1763 1565 1819 dextram
1578 1769 1772 1843 Aqua'rij

147 1829 800 1902 sustinens‚Delphinumque
811 1851 892 1885 ore
906 1849 1122 1886 extremo
1134 1851 1348 1906 tangens.
1361 1838 1486 1889 'Haec
1503 1834 1697 1892 historia
1709 1839 1773 1892 fa-

145 1902 313 1956 bulosa
324 1900 517 1960 fitlicet,
529 1920 635 1954 non
655 1902 828 1954 definit
840 1919 1008 1955 tamen
1025 1902 1208 1975 aliquid
1220 1904 1424 1958 veritatis
1436 1909 1488 1958 in
1499 1906 1770 1962 secontine-

143 1992 211 2025 re:
224 1991 331 2043 quae
342 1989 507 2023 tamen
519 1972 578 2023 ad
592 1971 848 2024 Cadmum
861 1971 1100 2024 referenda
1111 1973 1187 2025 est.
1247 2009 1270 2037 ·-
1722 1980 1743 1990 ⁹
1773 1975 1780 1982 ⁶

278 2042 450 2110 Iupiter
468 2040 668 2092 Asterius
688 2044 879 2092 Saturni
897 2045 1119 2112 Apteritae
1141 2044 1449 2097 Cretensium
1468 2047 1607 2119 Regis
1625 2045 1906 2107 filjugmstmjae

140 2116 193 2164 in
213 2129 407 2163 taurum
436 2126 656 2161 mutatus
684 2112 837 2180 rapuit
865 2113 1112 2181 Europam
1132 2151 1144 2169 ,
1166 2114 1217 2163 &
1235 2114 1507 2166 in-Cretam
1529 2119 1768 2187 ausporta·
1780 2101 1893 2136 cadmi.

141 2182 227 2233 uit.
298 2176 602 2251 AgenorlR'ex
621 2176 918 2230 Phoenicum
938 2180 1037 2232 eius
1055 2197 1205 2250 pater,
1226 2179 1331 2232 filiae
1349 2199 1485 2252 raptu
1505 2183 1771 2238 vehemen-⁴

140 2252 177 2309 ti
195 2248 363 2301 dolore
373 2246 607 2319 perculsus
619 2287 630 2306 ‚
641 2247 808 2299 consili
809 2268 825 2316 J
848 2252 1054 2300 incertus
1066 2282 1079 2306 2
1090 2268 1207 2301 cum
1220 2248 1326 2302 filiis
1345 2251 1774 2325 deliberauit‚quid'

139 2323 190 2371 in
211 2318 300 2370 hac
317 2335 363 2369 re
381 2316 692 2368 statuendum
712 2314 841 2368 esset:
881 2315 1104 2371 Habebat
1122 2321 1256 2371 enim
1283 2318 1408 2371 filios
1434 2323 1667 2392 Principes
1685 2344 1771 2398 ge-·

137 2392 333 2440 nerosos
353 2426 364 2444 ‚
384 2388 435 2437 ὅε
462 2387 549 2457 qui
576 2384 803 2436 iniuriam
830 2384 1013 2438 illatam
1042 2386 1234 2439 familiae
1260 2388 1475 2441 ferebant
1501 2390 1762 2464 aegerrime,

134 2457 419 2510 Phoenicem
433 2453 760 2512 ‚Labdacum,
776 2453 1005 2513 Cilicem,
1023 2454 1322 2527 Polydorum
1342 2461 1394 2509 δε
1416 2460 1671 2512 Cadmum
1685 2483 1697 2518 5
1710 2465 1761 2515 ἅ

134 2526 287 2579 filiam
307 2526 572 2595 Taygetam
591 2526 790 2593 Europae
816 2523 1044 2576 sororem.
1125 2527 1252 2577 Inter
1268 2525 1393 2578 filios
1415 2529 1672 2581 Cadmum
1689 2531 1760 2584 iu-

135 2597 327 2647 niorem
348 2610 467 2642 natu
485 2591 623 2663 elegit
641 2595 834 2663 Agenor
851 2631 863 2650 ,
882 2593 960 2644 cui
979 2594 1237 2665 negotium
1258 2633 1268 2652 ‚
1288 2596 1460 2647 datum
1490 2599 1554 2648 est
1604 2606 1761 2670 erquig

133 2664 290 2718 rendae
309 2662 478 2712 sororis
498 2677 613 2712 terra
634 2665 877 2734 marique,
896 2680 948 2712 ea
968 2662 1258 2714 conditione
1276 2703 1288 2721 ,
1308 2681 1359 2716 vt
1379 2683 1484 2715 non
1505 2618 1600 2718 niss
1613 2688 1665 2721 ca
1685 2673 1756 2721 iu-

134 2750 281 2786 uenta
292 2732 348 2783 ad
360 2728 543 2801 patrem
557 2745 874 2781 reuerteretur.
948 2729 1026 2782 Ille
1044 2730 1176 2783 classe
1193 2733 1442 2791 instructa,
1464 2735 1598 2787 sociis
1620 2738 1758 2790 naui:

130 2803 339 2879 gationis
349 2797 570 2852 fidelibus
591 2799 789 2868 acceptis
809 2799 989 2851 Sidone
1009 2798 1194 2851 soluens
1207 2840 1217 2858 ‚
1231 2819 1407 2855 omnes
1424 2803 1752 2926 insalaasffafis

1502 2892 1505 2893 ’
1529 2877 1614 2927 ὼε
1651 2877 1753 2928 iter„
