2096 3387
114 795 212 840 Pegasi
222 795 267 829 hi-

105 843 206 889 storia.

746 74 1403 134 EPISTULA

282 161 471 216 montis
482 160 619 212 fonte
631 157 994 214 Castalio‚cuius
1006 172 1142 224 aquae
1154 153 1306 204 Mufis
1318 151 1450 202 sacrae
1461 148 1562 200 vim
1575 148 1826 220 quandam
1838 147 1907 198 di-

285 231 487 283 uinandi
499 227 671 280 habere
690 226 876 278 creditae
894 227 1003 275 sunt
1014 245 1022 273 ε
1035 223 1086 273 in
1097 241 1171 273 eas
1182 222 1316 273 enirn
1335 221 1619 272 conuersam
1630 219 1788 269 Po'e'tae
1807 217 1906 268 scri-

285 301 413 353 bunt
425 296 682 350 Castaliam
694 293 989 367 Nympham'
1001 288 1201 343 Acheloi
1213 288 1519 345 filiam‚cuius
1530 285 1769 356 pudicitiae
1780 285 1903 337 dum

285 368 475 420 insidias
496 362 719 417 struxiffet
732 361 905 432 Apollo
917 395 930 418 2
942 381 995 413 ac
1013 363 1149 431 virgo
1167 362 1271 412 vim
1290 356 1583 429 insequentis
1602 356 1778 407 euitare
1796 374 1904 407 non

285 436 458 509 posset,
470 435 731 505 implorato
743 436 966 484 Deorum
985 430 1162 481 auxilio
1181 429 1232 478 in
1244 426 1438 479 fontem
1450 424 1703 476 fatidicum
1716 442 1907 478 mutata

286 507 361 558 est.
385 502 762 575 Hippocrenides
782 499 1092 572 quoqsdidtae
1102 498 1212 549 sunt
1225 493 1470 551 Musae‚ab
1480 495 1785 563 Hippocrene
1797 496 1905 545 fon-

286 592 331 628 te
343 571 678 626 amoenissimo
697 569 946 622 Heliconis
960 585 1134 639 :quem
1154 585 1207 618 ex
1225 562 1520 635 percussione
1541 561 1731 634 vngulae
1749 564 1905 633 Pegasi

286 644 398 714 equi
409 642 516 694 alati
530 638 767 693 emanaffe
786 636 998 690 scribunt
1017 636 1208 708 antiqui
1220 656 1229 685 :
1241 633 1303 687 ab
1313 633 1435 686 eode'
1447 633 1617 704 Pegaso
1630 632 1768 684 Diuae
1780 650 1906 705 quo-

288 732 385 785 que
394 706 633 782 Pegasldes
645 706 883 778 appellatae
895 708 1018 757 sunt.
1591 767 1594 770 ἢ

419 784 494 831 De
505 777 602 830 hoc
613 779 783 848 Pegaso
794 774 896 828 talis
907 773 1098 847 vulgata
1116 775 1180 826 est
1198 771 1419 825 narratio.
1432 767 1573 824 Cum
1583 768 1766 823 Perseus
1776 771 1907 824 Iouis

285 854 536 903 &Danaes
556 848 714 917 Acrifij
736 845 843 896 filiae
861 844 986 896 filius
998 882 1009 902 ,
1022 842 1269 901 talaribus,
1282 846 1333 893 ὃς
1350 845 1457 894 ense
1474 840 1647 893 falcato
1665 842 1907 912 Mercurij,

283 918 572 988 Palladisque
592 916 727 967 scuto
746 914 961 971 adiutus,
974 914 1059 964 iter
1075 912 1127 963 in
1146 910 1357 964 Africam
1376 911 1651 981 suscepiffet‚
1665 925 1716 963 Vt
1734 912 1908 963 Medu„

285 990 384 1040 firm
398 984 628 1037 Phorci&
641 982 827 1036 Cethus
842 982 992 1033 filiam
1004 981 1063 1033 de
1073 980 1241 1032 medio
1253 978 1457 1036 tolleret,
1471 998 1579 1051 quae
1589 998 1706 1031 cum
1718 979 1908 1031 duabus

286 1055 525 1109 sororibus
537 1051 729 1126 Euryale
740 1055 790 1103 &
802 1050 1054 1103 Sthenone
1067 1052 1326 1120 Gorgonas
1339 1045 1510 1099 insulas
1523 1052 1709 1100 Oceani
1721 1047 1911 1100 AEthio„

283 1128 376 1198 pici
396 1121 660 1180 incolebat,
673 1123 771 1174 visu
789 1123 840 1172 &
859 1121 1048 1189 aspectu
1064 1121 1218 1170 noxio
1229 1115 1518 1169 mortalibus
1530 1116 1821 1170 infestiffima
1834 1158 1845 1176 ‚
1859 1135 1910 1171 vt

285 1210 638 1266 quemcunque
648 1193 910 1242 intueretur
922 1228 933 1247 ‚
947 1188 1018 1241 vel
1029 1182 1056 1240 a
1066 1206 1371 1259 quocunque
1381 1187 1638 1256 conspecta
1650 1188 1757 1241 esset
1766 1227 1778 1245 ‚
1789 1207 1907 1239 eum

286 1259 447 1316 subitb
470 1263 519 1312 in
537 1259 746 1330 lapidem
765 1273 1086 1311 conuerteret:
1105 1261 1161 1309 Et
1178 1261 1307 1308 hanc
1317 1254 1552 1307 saxificam
1566 1258 1909 1327 proprietatem

284 1332 488 1384 Medusa
498 1344 736 1400 acceperat
747 1327 807 1379 ab
817 1328 931 1378 irata
940 1327 1166 1378 Minerua
1179 1366 1189 1384 ‚
1201 1341 1446 1397 propterea
1458 1321 1597 1397 qubd
1609 1326 1709 1377 vim
1722 1329 1912 1396 Neptu-

286 1402 400 1454 niin
412 1401 511 1452 eius
531 1400 648 1450 fano
658 1395 782 1468 paffa
799 1397 920 1448 esset.
959 1398 1102 1447 Hanc
1120 1397 1263 1467 igitur
1280 1394 1478 1447 adortus
1495 1393 1910 1453 Perseus‚Palladis

288 1470 512 1544 AEgidem
524 1485 779 1538 opponens
792 1466 1085 1523 monstro‚vt
1096 1465 1194 1517 eius
1205 1462 1414 1537 effigiem
1427 1483 1500 1532 ere
1509 1463 1673 1516 lucido
1685 1463 1832 1535 clypei
1843 1484 1910 1517 re-

286 1540 551 1611 percussam
571 1538 670 1589 fine
688 1556 816 1588 noxa
835 1535 990 1589 videre
1011 1537 1183 1605 posset,
1204 1535 1367 1586 stricto
1385 1535 1576 1586 acinace
1597 1536 1804 1604 sopitam
1824 1554 1910 1604 op-

286 1608 463 1686 pressit‚
476 1607 640 1679 illique
650 1607 865 1660 vnoiau
876 1621 1019 1674 caput
1029 1603 1320 1675 amputauit.
1337 1603 1669 1655 Exinterfeetae
1680 1606 1911 1675 sanguine

286 1677 461 1751 iugulis
472 1675 700 1729 effluente
713 1690 854 1727 natus
866 1676 929 1726 est
938 1675 1133 1743 Pegasus
1145 1713 1156 1732 ‚
1168 1692 1321 1745 equus
1333 1671 1450 1725 celer
1461 1675 1511 1724 δε
1520 1675 1791 1745 generosus,
1803 1672 1911 1725 hin-⁴

287 1750 396 1799 nitu
408 1762 553 1798 acuto
565 1740 656 1796 late
668 1748 842 1796 omnia
852 1744 1105 1814 complens
1117 1782 1128 1801 ‚
1143 1761 1197 1794 ex
1208 1744 1344 1794 cuius
1354 1740 1580 1794 lateribus
1590 1740 1672 1793 alae
1690 1742 1848 1794 statim
1868 1763 1911 1795 e-

287 1818 571 1872 merserunt,
585 1812 720 1865 &his
733 1813 879 1865 fultus
893 1830 1156 1884 ,tanquam
1176 1811 1324 1862 firmo
1343 1811 1569 1882 remigio,
1590 1816 1747 1863 a‘e'rem
1770 1814 1911 1865 mira-

288 1885 371 1937 bili
384 1882 601 1937 tranabat
613 1882 832 1954 agilitate.
879 1885 1015 1933 Turn
1026 1884 1208 1933 Perseus
1229 1899 1349 1933 voce
1361 1878 1539 1931 blanda
1557 1879 1854 1948 compellens
1867 1901 1911 1934 e-

288 1974 451 2026 quum
463 1973 532 2004 no
540 1950 821 2009 uum,illum
829 1971 877 2022 q5
891 1970 1046 2002 manu
1057 1950 1171 2001 dem
1179 1949 1411 2006 ulcens,&
1422 1947 1558 1999 iubas
1572 1948 1783 2001 molliter
1792 1970 1911 2002 cona

289 2029 497 2076 treetans
509 2062 519 2080 ‚
533 2022 744 2074 cicurem
757 2023 808 2072 &
819 2023 1133 2072 mansuetum
1146 2018 1370 2075 reddidit,
1382 2033 1527 2088 atque
1545 2017 1595 2067 in
1608 2019 1706 2069 eius
1719 2035 1910 2091 tergum

289 2091 583 2146 conscendit.
620 2093 733 2142 Hoc
752 2094 944 2147 vectus,
957 2092 1008 2140 ὃς
1025 2091 1077 2138 in
1097 2088 1254 2140 altum
1274 2085 1507 2143 eleuatus‚
1521 2085 1824 2157 AEtliiopiam
1837 2089 1912 2141 via

288 2161 421 2215 celeri
439 2162 617 2212 traiecit
631 2182 639 2208 z
653 2162 709 2210 Et
719 2159 1090 2210 Andromedam
1104 2155 1289 2226 Cephei
1301 2159 1418 2227 regis
1431 2153 1724 2225 AEthiopum
1737 2159 1788 2208 &
1800 2161 1912 2209 Cas-

287 2231 470 2299 fiopaeae
496 2227 647 2280 filiam
667 2227 890 2279 monstro
919 2228 1113 2278 marino
1139 2227 1404 2296 expositam
1423 2263 1435 2282 ‚
1455 2225 1715 2295 strictisque
1734 2227 1911 2279 catenis

288 2298 486 2369 scopulo
504 2297 745 2368 alligatam
756 2294 975 2347 liberauit
986 2336 997 2353 ,
1009 2298 1061 2346 δε
1071 2313 1189 2347 cum
1201 2314 1253 2346 ea
1264 2296 1314 2345 in
1324 2293 1581 2362 Seriphum
1592 2294 1797 2346 insulam
1809 2314 1912 2348 mai

289 2372 348 2420 ris
364 2368 508 2440 AEgaei
520 2366 638 2419 felici
652 2365 806 2417 reditu
819 2366 1050 2417 remeauit
1063 2385 1072 2413 ε
1085 2363 1168 2417 vbi
1180 2363 1415 2416 Acrisium
1428 2380 1582 2413 auum
1592 2364 1910 2434 incognitum

289 2438 399 2489 disci
410 2437 514 2488 istu
525 2435 807 2505 imprudens
819 2435 1010 2486 occidit.
1048 2436 1110 2484 At
1129 2433 1324 2503 Pegasus
1343 2431 1394 2482 in
1405 2429 1697 2483 Heliconem
1710 2433 1910 2493 Volauit‚

287 2506 369 2559 vbi
381 2503 559 2578 vngula
572 2523 739 2573 rupem
751 2503 917 2554 feriens
930 2502 1202 2553 fitibundus
1213 2541 1223 2559 ‚
1237 2502 1400 2552 saxum
1412 2503 1605 2569 aperuit,
1617 2520 1671 2552 ex
1683 2520 1787 2571 quo
1798 2505 1911 2556 fons

289 2576 557 2628 vberrimus
577 2576 628 2625 ὃ(
645 2571 1004 2642 limpidissimus
1028 2588 1217 2641 repente
1228 2570 1404 2622 exsiliit.
1441 2572 1591 2621 Hunc
1601 2572 1753 2621 Musae
1763 2590 1911 2623 mon-

289 2651 347 2695 tis
367 2648 479 2695 Deae
498 2643 583 2694 fibi
603 2642 787 2693 {acrum
806 2643 893 2692 effe
913 2640 1194 2697 voluerunt,
1217 2642 1268 2690 &
1286 2640 1651 2709 Hippocrenen,
1668 2638 1852 2699 hocest,
1867 2661 1911 2694 e-

290 2714 376 2784 qui
396 2714 588 2762 fontem
602 2751 612 2768 ,
633 2726 948 2765 vocauerunt,
986 2708 1236 2780 Pauloque
1248 2709 1497 2778 postidem
1509 2708 1704 2778 Pegasus
1723 2707 1909 2762 alarum

289 2780 529 2834 beneficio
540 2779 623 2832 lon
628 2776 687 2850 ge
696 2774 885 2851 lateque
899 2797 980 2850 per
993 2781 1228 2831 Graeciam
1242 2777 1561 2850 vagabundus
1573 2774 1763 2834 volans,
1784 2778 1910 2831 dum

1729 2846 1911 2900 biberet
